<record><leader>00000cas a22000007i 4500</leader><controlfield tag="001">862978171</controlfield><controlfield tag="006">m     o  d        </controlfield><controlfield tag="007">cr |n|000|||||</controlfield><controlfield tag="008">851019d18621863tnudn neo     0   a0eng  </controlfield><datafield ind1=" " ind2=" " tag="010"><subfield code="a">  2014218226</subfield></datafield><datafield ind1=" " ind2=" " tag="040"><subfield code="a">Nz</subfield><subfield code="b">eng</subfield><subfield code="e">rda</subfield><subfield code="c">Z5A</subfield><subfield code="d">DLC</subfield><subfield code="d">OCLCF</subfield><subfield code="d">DLC</subfield></datafield><datafield ind1="0" ind2=" " tag="022"><subfield code="a">2333-2956</subfield><subfield code="2">1</subfield></datafield><datafield ind1="0" ind2=" " tag="029"><subfield code="a">NZ1</subfield><subfield code="b">15127099</subfield></datafield><datafield ind1="1" ind2=" " tag="029"><subfield code="a">NZ1</subfield><subfield code="b">15956159</subfield></datafield><datafield ind1=" " ind2=" " tag="042"><subfield code="a">msc</subfield><subfield code="a">nsdp</subfield></datafield><datafield ind1=" " ind2=" " tag="043"><subfield code="a">n-us-tn</subfield></datafield><datafield ind1="1" ind2="0" tag="050"><subfield code="a">ISSN RECORD</subfield></datafield><datafield ind1="0" ind2="0" tag="082"><subfield code="a">071</subfield><subfield code="2">23</subfield></datafield><datafield ind1="0" ind2=" " tag="130"><subfield code="a">Daily bulletin (Winchester, Tenn. : Online)</subfield></datafield><datafield ind1=" " ind2="4" tag="222"><subfield code="a">The daily bulletin</subfield><subfield code="b">(Winchester, Tenn. Online)</subfield></datafield><datafield ind1="1" ind2="4" tag="245"><subfield code="a">The daily bulletin.</subfield></datafield><datafield ind1=" " ind2="1" tag="264"><subfield code="a">Winchester, Tenn :</subfield><subfield code="b">W. J. Slatter,</subfield><subfield code="c">[1862]-1863.</subfield></datafield><datafield ind1=" " ind2=" " tag="300"><subfield code="a">1 online resource</subfield></datafield><datafield ind1=" " ind2=" " tag="310"><subfield code="a">Daily (except Mon.)</subfield></datafield><datafield ind1=" " ind2=" " tag="336"><subfield code="a">text</subfield><subfield code="b">txt</subfield><subfield code="2">rdacontent</subfield></datafield><datafield ind1=" " ind2=" " tag="337"><subfield code="a">computer</subfield><subfield code="b">c</subfield><subfield code="2">rdamedia</subfield></datafield><datafield ind1=" " ind2=" " tag="338"><subfield code="a">online resource</subfield><subfield code="b">cr</subfield><subfield code="2">rdacarrier</subfield></datafield><datafield ind1="1" ind2=" " tag="362"><subfield code="a">Began with vol. 1, no. 1 (September 24, 1862); ceased with vol. 1, no. 85 (January 28, 1863).</subfield></datafield><datafield ind1=" " ind2=" " tag="500"><subfield code="a">Publishers: W.J. Slatter, 1862-1863; S.L. Gannaway &amp; W.J. Slatter, 1863.</subfield></datafield><datafield ind1=" " ind2=" " tag="500"><subfield code="a">Editors: W.T. Helms, &lt;1862&gt;.</subfield></datafield><datafield ind1=" " ind2=" " tag="515"><subfield code="a">Numbering indicates some issues were not published.</subfield></datafield><datafield ind1=" " ind2=" " tag="580"><subfield code="a">Published by W.J. Slatter during the suspension of: Home journal (Winchester, Tenn. : 1858).</subfield></datafield><datafield ind1=" " ind2=" " tag="588"><subfield code="a">Description based on: Vol. 1, no. 2 (September 28, 1862); title from masthead (Chroniclingamerica.loc.gov, viewed January 22, 2014).</subfield></datafield><datafield ind1=" " ind2=" " tag="588"><subfield code="a">Latest issue consulted: Vol. 1, no. 85 (January 28, 1863) (Chroniclingamerica.loc.gov, viewed January 22, 2014).</subfield></datafield><datafield ind1=" " ind2="0" tag="651"><subfield code="a">Winchester (Tenn.)</subfield><subfield code="v">Newspapers.</subfield></datafield><datafield ind1=" " ind2="7" tag="651"><subfield code="a">Tennessee</subfield><subfield code="z">Winchester.</subfield><subfield code="2">fast</subfield><subfield code="0">(OCoLC)fst01227053</subfield></datafield><datafield ind1=" " ind2="7" tag="655"><subfield code="a">Newspapers.</subfield><subfield code="2">fast</subfield><subfield code="0">(OCoLC)fst01423814</subfield></datafield><datafield ind1=" " ind2=" " tag="752"><subfield code="a">United States</subfield><subfield code="b">Tennessee</subfield><subfield code="c">Franklin</subfield><subfield code="d">Winchester.</subfield></datafield><datafield ind1="0" ind2="8" tag="776"><subfield code="i">Originally issued in print:</subfield><subfield code="t">Daily bulletin (Winchester, Tenn.)</subfield><subfield code="x">2333-2948</subfield><subfield code="w">(DLC)sn 85038523</subfield><subfield code="w">(OCoLC)12697312</subfield></datafield><datafield ind1="0" ind2="0" tag="785"><subfield code="t">Winchester daily bulletin (Winchester, Tenn.)</subfield><subfield code="x">2332-0001</subfield><subfield code="w">(DLC)  2013272073</subfield><subfield code="w">(OCoLC)862170678</subfield></datafield><datafield ind1="1" ind2=" " tag="787"><subfield code="t">Home journal (Winchester, Tenn. : 1858)</subfield><subfield code="x">2333-4320</subfield><subfield code="w">(DLC)  2013271976</subfield><subfield code="w">(OCoLC)862978519</subfield></datafield><datafield ind1="4" ind2="0" tag="856"><subfield code="u">http://www.loc.gov/chroniclingamerica/lccn/sn85038523/issues</subfield></datafield></record>